@article{GDLpaper,
  author = {Ruan, J. and van der Hoek, W. and Wooldridge, M.},
  title = "Verification of Games in the Game Description Language",
  journal =      "Journal of Logic and Computation",
  year =         "2009",
  DOI =          "http://dx.doi.org/10.1093/logcom/exp039"
}

@article{gdlii,
  author = {Thielscher, M.},
  title = "A General Game Description Language for Incomplete Information Games",
  journal =      "AAAI-10",
  year =         "2010",
  pages =        "994--999",
  DOI =          "http://dx.doi.org/10.1093/logcom/exp039"
}

@incollection{cgs,
  author = {Bulling, N. and Dix, J. and Jamroga, W.},
  editor = {Dastani, M., Hindriks, K., Meyer, JJ},
  title = "Model Checking Logics of Strategic Ability: Complexity*",
  booktitle =      "Specification and Verification of Multi-agent Systems",
  year =         "2010",
  pages =        "125--159",
  publisher = "Springer, Boston, MA",
  DOI =          "https://doi.org/10.1007/978-1-4419-6984-2_5"
}

@book{datalog,
  author    = {Clocksin, W. F. and Mellish, C. S.}, 
  title     = {Programming in Prolog},
  publisher = {Springer},
  year      = 1981,
  isbn      = {9783642968730}
}

@incollection{ctl,
  author = {Huth, M. and Ryan, M.},
  title = "Verification by model checking",
  booktitle = "Logic in Computer Science: Modelling and Reasoning about Systems",
  year =         "2004",
  pages =        "207--216",
  publisher = "Cambridge University Press",
}